%YAML 1.1
%TAG !u! tag:unity3d.com,2011:
--- !u!1001 &100100000
Prefab:
  m_ObjectHideFlags: 1
  serializedVersion: 2
  m_Modification:
    m_TransformParent: {fileID: 0}
    m_Modifications: []
    m_RemovedComponents: []
  m_ParentPrefab: {fileID: 0}
  m_RootGameObject: {fileID: 1279261721491420}
  m_IsPrefabParent: 1
--- !u!1 &1279261721491420
GameObject:
  m_ObjectHideFlags: 0
  m_PrefabParentObject: {fileID: 0}
  m_PrefabInternal: {fileID: 100100000}
  serializedVersion: 5
  m_Component:
  - component: {fileID: 4285329255593898}
  - component: {fileID: 33811404774350518}
  - component: {fileID: 23823857301845412}
  m_Layer: 0
  m_Name: teddyBear
  m_TagString: Untagged
  m_Icon: {fileID: 0}
  m_NavMeshLayer: 0
  m_StaticEditorFlags: 0
  m_IsActive: 1
--- !u!4 &4285329255593898
Transform:
  m_ObjectHideFlags: 1
  m_PrefabParentObject: {fileID: 0}
  m_PrefabInternal: {fileID: 100100000}
  m_GameObject: {fileID: 1279261721491420}
  m_LocalRotation: {x: 0.7071068, y: 4.3297806e-17, z: 0.7071068, w: -4.3297806e-17}
  m_LocalPosition: {x: -1.6814263, y: 0.26, z: -0.70721745}
  m_LocalScale: {x: 0.22281495, y: 0.22281495, z: 0.22281495}
  m_Children: []
  m_Father: {fileID: 0}
  m_RootOrder: 0
  m_LocalEulerAnglesHint: {x: 0, y: 0, z: 0}
--- !u!23 &23823857301845412
MeshRenderer:
  m_ObjectHideFlags: 1
  m_PrefabParentObject: {fileID: 0}
  m_PrefabInternal: {fileID: 100100000}
  m_GameObject: {fileID: 1279261721491420}
  m_Enabled: 1
  m_CastShadows: 1
  m_ReceiveShadows: 1
  m_DynamicOccludee: 1
  m_MotionVectors: 1
  m_LightProbeUsage: 1
  m_ReflectionProbeUsage: 1
  m_Materials:
  - {fileID: 2100000, guid: 87a41152a540b984590919df296cefc4, type: 2}
  - {fileID: 2100000, guid: ce9bcef0890810f4cb34d5fbc41fd548, type: 2}
  - {fileID: 2100000, guid: 4db1115849366fb4487935917fd5451a, type: 2}
  - {fileID: 2100000, guid: ad0331446cbfbb546a57ce3ae3f0acfc, type: 2}
  - {fileID: 2100000, guid: 1a19f1c2f197508408152c08ba456a6b, type: 2}
  - {fileID: 2100000, guid: 4db1115849366fb4487935917fd5451a, type: 2}
  - {fileID: 2100000, guid: 4db1115849366fb4487935917fd5451a, type: 2}
  - {fileID: 2100000, guid: 4db1115849366fb4487935917fd5451a, type: 2}
  - {fileID: 2100000, guid: 4db1115849366fb4487935917fd5451a, type: 2}
  m_StaticBatchInfo:
    firstSubMesh: 0
    subMeshCount: 0
  m_StaticBatchRoot: {fileID: 0}
  m_ProbeAnchor: {fileID: 0}
  m_LightProbeVolumeOverride: {fileID: 0}
  m_ScaleInLightmap: 1
  m_PreserveUVs: 0
  m_IgnoreNormalsForChartDetection: 0
  m_ImportantGI: 0
  m_StitchLightmapSeams: 0
  m_SelectedEditorRenderState: 3
  m_MinimumChartSize: 4
  m_AutoUVMaxDistance: 0.5
  m_AutoUVMaxAngle: 89
  m_LightmapParameters: {fileID: 0}
  m_SortingLayerID: 0
  m_SortingLayer: 0
  m_SortingOrder: 0
--- !u!33 &33811404774350518
MeshFilter:
  m_ObjectHideFlags: 1
  m_PrefabParentObject: {fileID: 0}
  m_PrefabInternal: {fileID: 100100000}
  m_GameObject: {fileID: 1279261721491420}
  m_Mesh: {fileID: 4300000, guid: a5289cfb7d2d32a4fb29dd5204d136b0, type: 3}
